<?xml version="1.0" encoding="UTF-8"?><collection xmlns="http://www.loc.gov/MARC21/slim"><record><leader>00312nam--2200109-i-4500</leader><controlfield tag="001">000041732</controlfield><controlfield tag="002">20161230</controlfield><controlfield tag="005">20161230201043</controlfield><controlfield tag="008">060222s1000------------r-----000-0-eng-d</controlfield><datafield ind1=" " ind2=" " tag="245"><subfield code="a">Sinteza circuitelor in domeniul frecventelor si al timpului. bibliografie</subfield></datafield><datafield ind1=" " ind2=" " tag="260"><subfield code="a">Bucuresti, Idt.,1963. 8 P.Dactilo</subfield></datafield><datafield ind1=" " ind2=" " tag="852"><subfield code="a">D.1112</subfield></datafield></record></collection>